<?xml version="1.0" encoding="UTF-8"?><collection xmlns="http://www.loc.gov/MARC21/slim"><record><leader>00483nam--2200181-i-4500</leader><controlfield tag="001">000031765</controlfield><controlfield tag="002">20161230</controlfield><controlfield tag="005">20161230201038</controlfield><controlfield tag="008">060222s1000------------r-----000-0-eng-d</controlfield><datafield ind1=" " ind2=" " tag="040"><subfield code="a">IFIN-HH</subfield></datafield><datafield ind1=" " ind2=" " tag="080"><subfield code="a">539.165</subfield></datafield><datafield ind1="1" ind2=" " tag="100"><subfield code="a">Lipkin, Harry J</subfield></datafield><datafield ind1="1" ind2="0" tag="245"><subfield code="a">Beta decay for pedestrians</subfield><subfield code="c">Harry j. lipkin</subfield></datafield><datafield ind1=" " ind2=" " tag="260"><subfield code="a">Amsterdam</subfield><subfield code="b">North-holland Publishing Company</subfield><subfield code="c">1962</subfield></datafield><datafield ind1=" " ind2=" " tag="300"><subfield code="a">VIII+117P</subfield></datafield><datafield ind1=" " ind2=" " tag="490"><subfield code="a">Series In Physics</subfield></datafield><datafield ind1=" " ind2=" " tag="852"><subfield code="a">17501</subfield><subfield code="c">539.16</subfield></datafield><datafield ind1=" " ind2=" " tag="CAT"><subfield code="a">Sys</subfield><subfield code="c">20120514</subfield><subfield code="h">151257</subfield></datafield></record></collection>